@article{chen2012,
  author = {Hsinchun Chen and Roger H. L. Chiang and Veda C. Storey},
  title = {Business Intelligence and Analytics: From Big Data to Big Impact},
  journal = {MIS Quarterly},
  volume = {36},
  number = {4},
  pages = {1165-1188},
  year = {2012}
}

@book{davenport2007,
  author = {Thomas H. Davenport and Jeanne G. Harris},
  title = {Competing on Analytics: The New Science of Winning},
  publisher = {Harvard Business Review Press},
  year = {2007}
}

@article{makridakis2018,
  author = {Spyros Makridakis and Evangelos Spiliotis and Vassilios Assimakopoulos},
  title = {Statistical and Machine Learning Forecasting Methods: Concerns and Ways Forward},
  journal = {PLOS ONE},
  volume = {13},
  number = {3},
  pages = {e0194889},
  year = {2018}
}

@article{wuthrich2019,
  author = {Mario V. WÃ¼thrich},
  title = {Bias Regularization in Neural Network Models for General Insurance Pricing},
  journal = {Scandinavian Actuarial Journal},
  volume = {2019},
  number = {3},
  pages = {197-214},
  year = {2019}
}

@book{hastie2009,
  author = {Trevor Hastie and Robert Tibshirani and Jerome Friedman},
  title = {The Elements of Statistical Learning: Data Mining, Inference, and Prediction},
  publisher = {Springer},
  year = {2009}
}

@book{baesens2015,
  author = {Bart Baesens and Veronique Van Vlasselaer and Wouter Verbeke},
  title = {Fraud Analytics Using Descriptive, Predictive, and Social Network Techniques: A Guide to Data Science for Fraud Detection},
  publisher = {Wiley},
  year = {2015}
}

@article{bolton2002,
  author = {Richard J. Bolton and David J. Hand},
  title = {Statistical Fraud Detection: A Review},
  journal = {Statistical Science},
  volume = {17},
  number = {3},
  pages = {235-255},
  year = {2002}
}

@article{gupta2021,
  author = {Anil Gupta and Priya Rani},
  title = {Big Data and Its Applications in the Insurance Industry},
  journal = {International Journal of Advanced Computer Science and Applications},
  volume = {12},
  number = {5},
  pages = {71-78},
  year = {2021}
}

@book{meyers2015,
  author = {Glenn Meyers},
  title = {Predictive Modeling Applications in Actuarial Science, Volume 1: Predictive Modeling Techniques},
  publisher = {Cambridge University Press},
  year = {2015}
}