@article{Orji2023,
  title={Machine learning for an explainable cost prediction of medical insurance},
  author={Orji, Ugochukwu and Ukwandu, Elochukwu},
  journal={Machine Learning with Applications},
  volume={12},
  pages={100369},
  year={2023},
  publisher={Elsevier}
}

@misc{BoldBI2023,
  title={Insurance Dashboard Examples},
  author={Bold BI},
  year={2023},
  url={https://www.boldbi.com/dashboard-examples/insurance/}
}

@misc{CoverGo2023,
  title={5 Unique Ways Business Intelligence Transforms Insurance},
  author={CoverGo},
  year={2023},
  url={https://covergo.com/blog/ways-bi-transforms-insurance/}
}